

    


@phdthesis{fielding:rest,
    author= "Roy Thomas Fielding",
    title = "Architectural Styles and the Design of Network-based Software Architectures",
    year  =  2000,
    school = "University of California",
    type  = "{Ph.D.} dissertation",
    url="http://www.ics.uci.edu/~fielding/pubs/dissertation/top.htm"
    }    

    
@techreport{javasoft:cookies,
    year=1999,
    title="{Bug ID #4242254: Remove special 'set-cookie' behavior}",
    note="\href{http://developer.java.sun.com/developer/bugParade/bugs/4242254.html}{http://developer.java.sun.com/developer/bugParade/bugs/4242254.html}",
    institution="Sun Microsystems"
    }
    
@inproceedings{indiana:rmiperf, 
    title="Requirements for and Evaluation of {RMI} Protocols for Scientific Computing",
    author="Madhusudhan Govindaraju and others",
    institution="Department of Computer Science Indiana University",
    url="http://www.extreme.indiana.edu/xgws/papers/sc00_paper/index.html",
    year="2000",
    booktitle="Proceedings Supercomputing 2000",
    note="\href{http://www.extreme.indiana.edu/xgws/papers/sc00_paper/index.html}{http://www.extreme.indiana.edu/xgws/papers/sc00_paper/index.html}"
    }

@inproceedings{indiana:soap-limits,
    title="Investigating the Limits of {SOAP} Performance for Scientific Computing",
    author="Kenneth Chiu and Madhusudhan Govindaraju and Randall Bramley",
    booktitle="Proceedings of HPDC 2002",
    year=2002,
    url="http://www.extreme.indiana.edu/xgws/papers/soap-hpdc2002/soap-hpdc2002.pdf"
    }
    
@techreport{spec:SOAP1.1,
    title="{SOAP} Version 1.1",
    institution="W3C",
    author="W3C",
    year=2001,
    url="http://www.w3.org/TR/SOAP/",
    note="\href{http://www.w3.org/TR/SOAP/}{http://www.w3.org/TR/SOAP/}"
    }

@techreport{spec:SOAP1.2,
    title="{SOAP} Version 1.2 Part 0: Primer",
    institution="W3C",
    author="W3C",
    year=2002,
    url="http://www.w3.org/TR/soap12-part0/",
    note="\href{http://www.w3.org/TR/soap12-part0/}{http://www.w3.org/TR/soap12-part0/}"
    }

 
@techreport{spec:WSDL-11,
    title="{Web Services Description Language (WSDL) 1.1}",
    institution="W3C",
    author="W3C",
    year=2002,
    url="http://www.w3.org/TR/wsdl",
    note="\href{http://www.w3.org/TR/wsdl}{http://www.w3.org/TR/wsdl}"
    }

@techreport{spec:UDDI,
    title="{UDDI}",
    year="2000",
    institution="W3C"
    } 
 
@techreport{spec:XSD,
    title="{XML Schema 1.0}",
    institution="W3C",
    author="W3C",
    year=2002,
    url="http://www.w3.org/TR/xmlschema-0/",
    note="\href{http://www.w3.org/TR/xmlschema-0/}{http://www.w3.org/TR/xmlschema-0/}"
    }
    
@techreport{spec:RelaxNG,
    title="{Relax NG Specification}",
    institution="Oasis",
    author="James Clark and Murata Makoto ",
    year=2001,
    url="http://www.oasis-open.org/committees/relax-ng/spec-20011203.html",
    note="\href{http://www.oasis-open.org/committees/relax-ng/spec-20011203.html}{http://www.oasis-open.org/committees/relax-ng/spec-20011203.html}"
    }
        

@techreport{spec:JAX-RPC-11,
    institution="Java Community Process", 
    title="{JAX-RPC} Specification",
    edition="1.1",
    year=2003,
    author="{Sun Microsystems}",
    note="\href{http://java.sun.com/xml/downloads/jaxrpc.html}{http://java.sun.com/xml/downloads/jaxrpc.html}",
    url="http://java.sun.com/xml/downloads/jaxrpc.html"
    }

@techreport{spec:JAX-M-10,
    institution="Java Community Process", 
    title="Java API for XML Messaging (JAXM)",
    edition="1.0",
    year=2001,
    author="Nicholas Kassem and Anil Vijendran and Rajiv.Mordani",
    note="\href{http://java.sun.com/xml/downloads/jaxrpc.html}{http://java.sun.com/xml/downloads/jaxrpc.html}",
    url="http://java.sun.com/xml/downloads/jaxrpc.html"
    }
    
@techreport{spec:JAX-M-11,
    institution="Sun Microsystems", 
    title="Java API for XML Messaging (JAXM)",
    edition="1.1",
    year=2003,
    author="Nicholas Kassem and Anil Vijendran and Rajiv.Mordani",
    note="\href{http://java.sun.com/xml/downloads/jaxm.html}{http://java.sun.com/xml/downloads/jaxm.html}",
    url="http://java.sun.com/xml/downloads/jaxm.html"
    }
        
@techreport{spec:J2EE-14,
    institution="Sun Microsystems", 
    title="Java 2 Platform, Enterprise Edition Specification",
    edition="1.4",
    year=2003,
    author="{Sun Microsystems}",
    note="\href{http://java.sun.com/j2ee/}{http://java.sun.com/j2ee/}",
    url="http://java.sun.com/j2ee/"
    }
   
@techreport{spec:SAAJ-12,
    institution="Sun Microsystems", 
    title="SOAP with Attachments API for Java (SAAJ)",
    edition="1.2",
    year=2004,
    author="{Sun Microsystems}",
    note="\href{http://java.sun.com/xml/downloads/saaj.html}{http://java.sun.com/xml/downloads/saaj.html/}",
    url="http://java.sun.com/xml/downloads/saaj.html"
    }
        

@techreport{spec:ebXML,
    institution="OASIS", 
    title="Electronic Business using eXtensible Markup Language",
    note="\href{http://www.ebxml.org/specs/}{http://www.ebxml.org/specs/}",
    url="http://www.ebxml.org/specs/"
    }

@techreport{spec:DOM,
    institution="W3C", 
    title="Document Object Model (DOM)",
    note="\href{http://www.w3.org/DOM/}{http://www.w3.org/DOM/}",
    url="http://www.w3.org/DOM/"
    }

    
@techreport{ietf:rfc2616,
    title="{RFC 2616: Hypertext Transfer Protocol -- HTTP/1.1}",
    author="Fielding, R. and  Gettys, J. and Mogul, J. and Frysyk, H. and Masinter, L. and Leach, P. and Berners-Lee, T.",
    institution="IETF",
    url="http://ietf.org/rfc/rfc2616.txt"
    }    
    

@techreport{ari:xdoclet,
    title="{XDoclet}",
    year="2002",
    author="XDoclet",
    institution="XDoclet",
    note="\href{http://xdoclet.sf.net/}{http://xdoclet.sf.net/}"
    }


    
@misc{winer:xmlrpc,
    title="{XML-RPC}",
    author="Dave Winer",
    year=2000,
    institution="UserLand",
    url="http://www.xmlrpc.com/spec",
    note="\href{http://www.xmlrpc.com/spec}{http://www.xmlrpc.com/spec}"
    }
    
@manual{apache:axis,
    title="{Apache Axis}",
    year="2001",
    url="http://xml.apache.org/axis/",
    institution="Apache",
    author="Axis"
    }
    
@misc{harold:xom,
    title="What's Wrong with XML APIs (and how to fix them)",
    year="2002",
    author="Elliotte Rusty Harold",
    url="http://www.cafeconleche.org/XOM/whatswrong/"
    }
    
    
@article{parnas:interfaces,
    author="Parnas, D. L.",
    title="Use of Abstract Interfaces in the Development of Software for Embedded Computer Systems",
    year=1974
    }  
    


