@book{CLARKE_1,
 author = {{Edmund M. Clarke, Jr. and Orna Grumberg and Doron A. Peled}},
 title = {{Model Checking, ISBN: 0-262-03270-8}},
 year = {1999},
 publisher = {MIT Press},
 address = {Cambridge, MA, USA},
 }

@ARTICLE{R2D2,
   author = {{Patrick Goldsack and Paul Murray and Andrew Farrell and Peter Toft}},
   title = {{Smartfrog and Data Centre Automation}},
   journal = {{The Rise and Rise of the Declarative Datacentre (R2D2), Microsoft/HP Joint Workshop, May 2008, Cambridge, United Kingdom.}}
}

@PHDTHESIS{PHD,
  author = {{Andrew D H Farrell}},
  title = {{Modelling of Contracts and Workflow for Verification and Enactment}},
  school = {{Imperial College, London}},
  year={2008}
}

@ARTICLE{S3,
   author = {{Amazon S3}},
   title = {{Amazon Simple Storage Service. \url{http://aws.amazon.com/s3}}}
}

@ARTICLE{EC2,
    author = {{Amazon EC2}},
    title = {{Amazon Elastic Compute Cloud. \url{http://aws.amazon.com/ec2}}}
}

@inproceedings{ANUBIS,
  author    = {{Paul Murray}},
  title     = {{A Distributed State Monitoring Service for Adaptive Application Management}},
  booktitle =  {{2005 International Conference on Dependable Systems and Networks (DSN 2005), 28 June - 1 July 2005, Yokohama, Japan}},
  year      = {2005},
  pages     = {200-205}
}

@ARTICLE{SMARTFROG,
    author = {{Automated Infrastructure Laboratory, HP Labs}},
    title = {{SmartFrog: Smart Framework for Object Groups.  \url{http://www.smartfrog.org}}}
}

@ARTICLE{ORCH,
   title = {{Guide to Orchestration in SmartFrog. \url{http://smartfrog.svn.sourceforge.net/viewvc/*checkout*/smartfrog/trunk/core/smartfrog/docs/SFOrchestration.pdf}}},
   author = {{Andrew Farrell, Paul Murray and Patrick Goldsack}}
}

@ARTICLE{WFMC,
  author = {{The Workflow Management Coalition}},
  title = {{Workflow Management Coalition Terminology \& Glossary. Document Number: WFMC-TC-1011. Document Status: Issue 3.0}}, 
  year = {{February 1999}}
}

@BOOK{ALONSO,
  author = {Gustavo Alonso and Fabio Casati and Harumi Kuno and Vijay Machiraju},
  title = {{Web Services, ISBN: 3540440089}},
  publisher = {Springer},
  year = {2004}
}

@ARTICLE{WSBPEL,
  author = {OASIS},
  title = {{Web Services Business Process Execution Language Version 2.0, OASIS Standard, 11th April 2007, at: \url{http://www.oasis-open.org/apps/org/workgroup/wsbpel}}}
}

@ARTICLE{WSCDL,
  author = {{WS-CDL W3C Working Group}},
  title = {{Web Services Choreography Description Language Version 1.0 W3C Working Draft 17 December 2004, at: \url{http://www.w3.org/TR/ws-cdl-10}}}
}

@article{VDA,
 author = {W.M.P. van der Aalst and Mathias Weske},
 title = {{Case Handling: a New Paradigm for Business Process Support}},
 journal = {Data Knowledge Engineering},
 volume = {53},
 number = {2},
 year = {2005},
 issn = {0169-023X},
 pages = {129--162},
 publisher = {Elsevier Science Publishers B. V.},
 address = {Amsterdam, The Netherlands, The Netherlands},
}

@article{CASATI,
 author = {Fabio Casati and Stefano Ceri and Stefano Paraboschi and Guiseppe Pozzi},
 title = {{Specification and Implementation of Exceptions in Workflow Management Systems}},
 journal = {ACM Trans. Database Syst.},
 volume = {24},
 number = {3},
 year = {1999},
 issn = {0362-5915},
 pages = {405--451},
 publisher = {ACM Press},
 address = {New York, NY, USA},
 }

@TECHREPORT{BPMD,
  title = {{Business Process Management Demystified: A Tutorial on Models, Systems and Standards for Workflow Management, BPM Center Report BPM-04-03}},
  author = {W.M.P. van der Aalst},
  institution = {BPMcenter.org},
  year={2004} 
}